% Encoding: UTF-8
@article{lamaire1998randomization,
  title={On the randomization of transmitter power levels to increase throughput in multiple access radio systems},
  author={LaMaire, Richard O and Krishna, Arvind and Zorzi, Michele},
  journal={Wireless Networks},
  volume={4},
  number={3},
  pages={263--277},
  year={1998},
  publisher={Springer}
}

@incollection{altman2005slotted,
	title={Slotted Aloha with priorities and random power},
	author={Altman, Eitan and Barman, Dhiman and Benslimane, Abderrahim and El Azouzi, Rachid},
	booktitle={NETWORKING 2005. Networking Technologies, Services, and Protocols; Performance of Computer and Communication Networks; Mobile and Wireless Communications Systems},
	pages={610--622},
	year={2005},
	publisher={Springer}
}

@inproceedings{krishna1994comparison,
	title={A comparison of radio capture models and their effect on wireless LAN protocols},
	author={Krishna, Arvind and LaMaire, Richard O},
	booktitle={Universal Personal Communications, 1994. Record., 1994 Third Annual International Conference on},
	pages={666--672},
	year={1994},
	organization={IEEE}
}

@inproceedings{zhou2012contention,
	title={Contention based access for machine-type communications over {LTE}},
	author={Zhou, Kaijie and Nikaein, Navid and Knopp, Raymond and Bonnet, Christian},
	booktitle={Vehicular Technology Conference (VTC Spring), 2012 IEEE 75th},
	pages={1--5},
	year={2012},
	organization={IEEE}
}

@inproceedings{cheng2012rach,
	title={RACH collision probability for machine-type communications},
	author={Cheng, Ray-Guang and Wei, Chia-Hung and Tsao, Shiao-Li and Ren, Fang-Ching},
	booktitle={Vehicular Technology Conference (VTC Spring), 2012 IEEE 75th},
	pages={1--5},
	year={2012},
	organization={IEEE}
}

@inproceedings{yang2012performance,
	title={Performance analysis and parameter optimization of random access backoff algorithm in LTE},
	author={Yang, Xiaobin and Fapojuwo, Abraham O and Egbogah, Emeka E},
	booktitle={Vehicular Technology Conference (VTC Fall), 2012 IEEE},
	pages={1--5},
	year={2012},
	organization={IEEE}
}

@techreport{nuttall1969numerical,
	title={Numerical evaluation of cumulative probability distribution functions directly from characteristic functions},
	author={Nuttall, Albert H},
	year={1969},
	institution={DTIC Document}
}

@inproceedings{nielsen2015tractable,
	title={A tractable model of the LTE access reservation procedure for machine-type communications},
	author={Nielsen, Jimmy J and Kim, Dong Min and Madueno, Germ{\'a}n C and Pratas, Nuno K and Popovski, Petar},
	booktitle={2015 IEEE Global Communications Conference (GLOBECOM)},
	pages={1--6},
	year={2015},
	organization={IEEE}
}

@article{asmussen2016laplace,
	title={On the Laplace transform of the Lognormal distribution},
	author={Asmussen, S{\o}ren and Jensen, Jens Ledet and Rojas-Nandayapa, Leonardo},
	journal={Methodology and Computing in Applied Probability},
	volume={18},
	number={2},
	pages={441--458},
	year={2016},
	publisher={Springer}
}

@book{Lee:1992:MCD:530392,
	author = {Lee, William C. Y.},
	title = {Mobile Communications Design Fundamentals},
	year = {1992},
	isbn = {0471574465},
	edition = {2nd},
	publisher = {John Wiley \& Sons, Inc.},
	address = {New York, NY, USA},
} 

@book{ross2014introduction,
	title={Introduction to probability models},
	author={Ross, Sheldon M},
	year={2014},
	publisher={Academic press}
}

@Book{hirsa2012computational,
  title         = {Computational methods in finance},
  publisher     = {CRC Press},
  year          = {2012},
  author        = {Hirsa, Ali},
  __markedentry = {[qsong:1]},
}

@article{corless1996lambertw,
	title={On the LambertW function},
	author={Corless, Robert M and Gonnet, Gaston H and Hare, David EG and Jeffrey, David J and Knuth, Donald E},
	journal={Advances in Computational mathematics},
	volume={5},
	number={1},
	pages={329--359},
	year={1996},
	publisher={Springer}
}

@book{hill2007cable,
	title={The Cable and Telecommunications Professionals' Reference: PSTN, IP and cellular networks, and mathematical techniques},
	author={Hill, Goff},
	volume={1},
	year={2007},
	publisher={Taylor \& Francis}
}

@article{gil1951note,
	title={Note on the inversion theorem},
	author={Gil-Pelaez, J},
	journal={Biometrika},
	volume={38},
	number={3-4},
	pages={481--482},
	year={1951},
	publisher={Biometrika Trust}
}

@techreport{crooks2009logistic,
	title={Logistic approximation to the logistic-normal integral},
	author={Crooks, Gavin E},
	year={2009},
	institution={Citeseer}
}

@article{dardari2000capacity,
	title={On the capacity of slotted Aloha with Rayleigh fading: the role played by the number of interferers},
	author={Dardari, Davide and Tralli, Velio and Verdone, Roberto},
	journal={IEEE Communications Letters},
	volume={4},
	number={5},
	pages={155--157},
	year={2000},
	publisher={IEEE}
}

@article{bayrakdar2016slotted,
	title={A slotted ALOHA-based cognitive radio network under capture effect in Rayleigh fading channels},
	author={Bayrakdar, Muhammed Enes and Atmaca, Sedat and Karahan, Alper},
	journal={Turkish Journal of Electrical Engineering \& Computer Sciences},
	volume={24},
	number={3},
	pages={1955--1966},
	year={2016},
	publisher={The Scientific and Technological Research Council of Turkey}
}

@inproceedings{goursaud2016random,
	title={Random unslotted time-frequency ALOHA: Theory and application to IoT UNB networks},
	author={Goursaud, Claire and Mo, Yuqi},
	booktitle={2016 23rd International Conference on Telecommunications (ICT)},
	pages={1--5},
	year={2016},
	organization={IEEE}
}

@inproceedings{abramson1970aloha,
	title={THE ALOHA SYSTEM: another alternative for computer communications},
	author={Abramson, Norman},
	booktitle={Proceedings of the November 17-19, 1970, fall joint computer conference},
	pages={281--285},
	year={1970},
	organization={ACM}
}

@article{osti2014analysis,
	title={Analysis of PDCCH performance for M2M traffic in LTE},
	author={Osti, Prajwal and Lassila, Pasi and Aalto, Samuli and Larmo, Anna and Tirronen, Tuomas},
	journal={IEEE Transactions on Vehicular Technology},
	volume={63},
	number={9},
	pages={4357--4371},
	year={2014},
	publisher={IEEE}
}

@article{song2016survey,
	title={Survey of radio resource management issues and proposals for energy-efficient cellular networks that will cover billions of machines},
	author={Song, Qipeng and Nuaymi, Loutfi and Lagrange, Xavier},
	journal={EURASIP Journal on Wireless Communications and Networking},
	volume={2016},
	number={1},
	pages={1--20},
	year={2016},
	publisher={Springer}
}

@article{goursaud2015dedicated,
	title={Dedicated networks for {IoT}: {PHY/MAC} state of the art and challenges},
	author={Goursaud, Claire and Gorce, Jean-Marie},
	journal={EAI endorsed transactions on Internet of Things},
	year={2015}
}

@article{zozor2016time,
	title={Time-frequency {ALOHA}-like random access: A scalability study of Low-Power Wide-Area Networks for IoT using stochastic geometry},
	author={Zozor, Steeve and Li, Zhuocheng and Lampin, Quentin and Brossier, Jean-Marc},
	journal={arXiv preprint arXiv:1606.04791},
	year={2016}
}

@article{bianchi2000performance,
	title={Performance analysis of the IEEE 802.11 distributed coordination function},
	author={Bianchi, Giuseppe},
	journal={IEEE Journal on selected areas in communications},
	volume={18},
	number={3},
	pages={535--547},
	year={2000},
	publisher={IEEE}
}

@book{meyn2012markov,
	title={Markov chains and stochastic stability},
	author={Meyn, Sean P and Tweedie, Richard L},
	year={2012},
	publisher={Springer Science \& Business Media}
}

@book{xue2006scaling,
	title={Scaling laws for ad hoc wireless networks: an information theoretic approach},
	author={Xue, Feng and Kumar, Panganamala R},
	year={2006},
	publisher={Now Publishers Inc}
}

@article{baccelli2006aloha,
	title={An {Aloha} protocol for multihop mobile wireless networks},
	author={Baccelli, Fran{\c{c}}ois and Blaszczyszyn, Bartlomiej and Muhlethaler, Paul},
	journal={IEEE Transactions on Information Theory},
	volume={52},
	number={2},
	pages={421--436},
	year={2006},
	publisher={IEEE}
}

@article{weber2007effect,
	title={The effect of fading, channel inversion, and threshold scheduling on ad hoc networks},
	author={Weber, Steven and Andrews, Jeffrey G and Jindal, Nihar},
	journal={IEEE Transactions on Information Theory},
	volume={53},
	number={11},
	pages={4127--4149},
	year={2007},
	publisher={IEEE}
}


@book{haenggi2009interference,
	title={Interference in large wireless networks},
	author={Haenggi, Martin and Ganti, Radha Krishna},
	year={2009},
	publisher={Now Publishers Inc}
}

@article{erceg1999empirically,
	title={An empirically based path loss model for wireless channels in suburban environments},
	author={Erceg, Vinko and Greenstein, Larry J and Tjandra, Sony Y and Parkoff, Seth R and Gupta, Ajay and Kulic, Boris and Julius, Arthur A and Bianchi, Renee},
	journal={IEEE Journal on selected areas in communications},
	volume={17},
	number={7},
	pages={1205--1211},
	year={1999},
	publisher={IEEE}
}

@inproceedings{blaszczyszyn2010stochastic,
	title={Stochastic analysis of non-slotted {Aloha} in wireless ad-hoc networks},
	author={B{\l}aszczyszyn, Bar{\l}omiej and M{\"u}hlethaler, Paul},
	booktitle={INFOCOM, 2010 Proceedings IEEE},
	pages={1--9},
	year={2010},
	organization={IEEE}
}

@article{blaszczyszyn2015interference,
	title={Interference and {SINR} coverage in spatial non-slotted {Aloha} networks},
	author={B{\l}aszczyszyn, Bar{\l}omiej and M{\"u}hlethaler, Paul},
	journal={Annals of telecommunications},
	volume={70},
	number={7-8},
	pages={345--358},
	year={2015},
	publisher={Springer}
}

@article{haenggi2009outage,
	title={Outage, local throughput, and capacity of random wireless networks},
	author={Haenggi, Martin},
	journal={IEEE Transactions on Wireless Communications},
	volume={8},
	number={8},
	year={2009},
	publisher={IEEE}
}

@article{andrews2011tractable,
	title={A tractable approach to coverage and rate in cellular networks},
	author={Andrews, Jeffrey G and Baccelli, Francois and Ganti, Radha Krishna},
	journal={IEEE Transactions on Communications},
	volume={59},
	number={11},
	pages={3122--3134},
	year={2011},
	publisher={IEEE}
}

@article{dhillon2014downlink,
	title={Downlink rate distribution in heterogeneous cellular networks under generalized cell selection},
	author={Dhillon, Harpreet S and Andrews, Jeffrey G},
	journal={IEEE Wireless Communications Letters},
	volume={3},
	number={1},
	pages={42--45},
	year={2014},
	publisher={IEEE}
}

@book{vaze2015random,
	title={Random Wireless Networks: An Information Theoretic Perspective},
	author={Vaze, R.},
	isbn={9781107102323},
	lccn={2014044738},
	url={https://books.google.fr/books?id=PSfZrQEACAAJ},
	year={2015},
	publisher={Cambridge University Press}
}

@online{sigfoxfeature,
	author = {Sigfox},
	title  = {Sigfox Global Network key Features},
	date   = {2017-05},
	url    = {http://www.sigfox.com/en/sigfox-global-iot-network}
}


@article{song2016analytical,
	title={An Analytical Model for S-ALOHA Performance Evaluation in M2M Networks},
	author={Song, Qipeng and Lagrange, Xavier and Nuaymi, Loutfi},
	journal={arXiv preprint arXiv:1611.05569},
	year={2016}
}

@inproceedings{song2016EvaluationWCNC,
	author    = {Qipeng Song and
	Loutfi Nuaymi and
	Xavier Lagrange},
	title     = {Evaluation of multiple access strategies with power control error
	and variable packet length in {M2M}},
	booktitle = {{IEEE} Wireless Communications and Networking Conference, {WCNC} 2016,
	Doha, Qatar, April 3-6, 2016},
	pages     = {1--6},
	year      = {2016}
}

@inproceedings{song2015AnEfficient,
	author    = {Qipeng Song and
	Xavier Lagrange and
	Loutfi Nuaymi},
	title     = {An Efficient M2M-Oriented Network-Integrated Multiple-Period Polling
	Service in {LTE} Network},
	booktitle = {{IEEE} 82nd Vehicular Technology Conference, {VTC} Fall 2015, Boston,
	MA, USA, September 6-9, 2015},
	pages     = {1--6},
	year      = {2015},
	crossref  = {DBLP:conf/vtc/2015f},
	url       = {http://dx.doi.org/10.1109/VTCFall.2015.7390837},
	doi       = {10.1109/VTCFall.2015.7390837},
	timestamp = {Tue, 02 Feb 2016 14:47:53 +0100},
	biburl    = {http://dblp.uni-trier.de/rec/bib/conf/vtc/SongLN15},
	bibsource = {dblp computer science bibliography, http://dblp.org}
}

@misc{Sigfox-high-QoS,
	title = {{Sigfox Global Network key Features}},
	howpublished = {\url{http://www.sigfox.com/en/sigfox-global-iot-network}},
	note = {Accessed: 2017-05-30}
}

@techreport{ietf-lpwan-overview-03,
	number =	{draft-ietf-lpwan-overview-03},
	type =		{Internet-Draft},
	institution =	{Internet Engineering Task Force},
	publisher =	{Internet Engineering Task Force},
	note =		{Work in Progress},
	url =		{https://datatracker.ietf.org/doc/html/draft-ietf-lpwan-overview-03},
	author =	{Stephen Farrell},
	title =		{{LPWAN Overview}},
	pagetotal =	41,
	year =		2017,
	month =		may,
	day =		25,
	abstract =	{Low Power Wide Area Networks (LPWAN) are wireless technologies with characteristics such as large coverage areas, low bandwidth, possibly very small packet and application layer data sizes and long battery life operation. This memo is an informational overview of the set of LPWAN technologies being considered in the IETF and of the gaps that exist between the needs of those technologies and the goal of running IP in LPWANs.},
}